<record><leader>00000cas a2200000Ma 4500</leader><controlfield tag="001">10890547</controlfield><controlfield tag="008">840627d186618uualuwr ne      0    0eng d</controlfield><datafield ind1=" " ind2=" " tag="010"><subfield code="a">sn 84023467 </subfield></datafield><datafield ind1=" " ind2=" " tag="040"><subfield code="a">AQM</subfield><subfield code="b">eng</subfield><subfield code="c">AQM</subfield><subfield code="d">OCLCQ</subfield></datafield><datafield ind1="0" ind2=" " tag="130"><subfield code="a">Messenger (Dadeville, Ala.)</subfield></datafield><datafield ind1="1" ind2="0" tag="245"><subfield code="a">Messenger.</subfield></datafield><datafield ind1=" " ind2=" " tag="260"><subfield code="a">Dadeville, Ala. :</subfield><subfield code="b">[J.M. Oliver]</subfield></datafield><datafield ind1=" " ind2=" " tag="300"><subfield code="a">v.</subfield></datafield><datafield ind1=" " ind2=" " tag="310"><subfield code="a">Weekly</subfield></datafield><datafield ind1="1" ind2=" " tag="362"><subfield code="a">Began in 1866.</subfield><subfield code="z">Cf. Amer. newspapers, 1821-1936.</subfield></datafield><datafield ind1=" " ind2=" " tag="500"><subfield code="a">Only copy located (June 13, 1867) has mutilated masthead; title from publisher's statement. American Antiquarian Society.</subfield></datafield><datafield ind1=" " ind2=" " tag="500"><subfield code="a">Publisher's name recorded in Ellison, R.C. Hist. and bibl. of Ala. newspapers in the 19th cent.</subfield></datafield><datafield ind1=" " ind2=" " tag="588"><subfield code="a">Description based on: June 13, 1867.</subfield></datafield><datafield ind1=" " ind2="7" tag="655"><subfield code="a">Newspapers.</subfield><subfield code="2">rbgenr</subfield></datafield><datafield ind1=" " ind2=" " tag="752"><subfield code="a">United States</subfield><subfield code="b">Alabama</subfield><subfield code="c">Tallapoosa</subfield><subfield code="d">Dadeville.</subfield></datafield><datafield ind1="1" ind2=" " tag="029"><subfield code="a">AU@</subfield><subfield code="b">000025824363</subfield></datafield></record>